@ARTICLE{Chou2021152115,
	author = {Chou, Yao-Hsin and Jiang, Yu-Chi and Kuo, Shu-Yu},
	title = {Portfolio optimization in both long and short selling trading using trend ratios and quantum-inspired evolutionary algorithms},
	year = {2021},
	doi = {10.1109/ACCESS.2021.3126652},
	url = {https://www.scopus.com/inward/record.uri?eid=2-s2.0-85120325031&doi=10.1109%2fACCESS.2021.3126652&partnerID=40&md5=65f5613dade2767b887338ae05b8d515}
}

@ARTICLE{Chou201721885,
	author = {Chou, Yao-Hsin and Kuo, Shu-Yu and Lo, Yi-Tzu},
	title = {Portfolio Optimization Based on Funds Standardization and Genetic Algorithm},
	year = {2017},
	doi = {10.1109/ACCESS.2017.2756842},
	url = {https://www.scopus.com/inward/record.uri?eid=2-s2.0-85030671849&doi=10.1109%2fACCESS.2017.2756842&partnerID=40&md5=7d74b1b42c636a8ded9563602dff5b16}
}