Scopus
EXPORT DATE: 02 April 2024

@ARTICLE{Grant2021,
	author = {Grant, Erica and Humble, Travis S. and Stump, Benjamin},
	title = {Benchmarking Quantum Annealing Controls with Portfolio Optimization},
	year = {2021},
	doi = {10.1103/PhysRevApplied.15.014012},
	url = {https://www.scopus.com/inward/record.uri?eid=2-s2.0-85100007764&doi=10.1103%2fPhysRevApplied.15.014012&partnerID=40&md5=52b30ea2321b18ee563bc9a92eaefc73}
}

@ARTICLE{Aranha2009139,
	author = {Aranha, Claus and Iba, Hitoshi},
	title = {The Memetic tree-based genetic algorithm and its application to Portfolio Optimization},
	year = {2009},
	doi = {10.1007/s12293-009-0010-2},
	url = {https://www.scopus.com/inward/record.uri?eid=2-s2.0-67349105007&doi=10.1007%2fs12293-009-0010-2&partnerID=40&md5=78987deaa952bed5794221c3d59e751f}
}

@ARTICLE{Chou2021152115,
	author = {Chou, Yao-Hsin and Jiang, Yu-Chi and Kuo, Shu-Yu},
	title = {Portfolio optimization in both long and short selling trading using trend ratios and quantum-inspired evolutionary algorithms},
	year = {2021},
	doi = {10.1109/ACCESS.2021.3126652},
	url = {https://www.scopus.com/inward/record.uri?eid=2-s2.0-85120325031&doi=10.1109%2fACCESS.2021.3126652&partnerID=40&md5=65f5613dade2767b887338ae05b8d515}
}

@ARTICLE{Lwin2014757,
	author = {Lwin, Khin and Qu, Rong and Kendall, Graham},
	title = {A learning-guided multi-objective evolutionary algorithm for constrained portfolio optimization},
	year = {2014},
	doi = {10.1016/j.asoc.2014.08.026},
	url = {https://www.scopus.com/inward/record.uri?eid=2-s2.0-84908412373&doi=10.1016%2fj.asoc.2014.08.026&partnerID=40&md5=866efb7db6a40f62ed66fe8067576c0d}
}

@ARTICLE{Speranza1996433,
	author = {Speranza, M. Grazia},
	title = {A heuristic algorithm for a portfolio optimization model applied to the Milan stock market},
	year = {1996},
	doi = {10.1016/0305-0548(95)00030-5},
	url = {https://www.scopus.com/inward/record.uri?eid=2-s2.0-0030147801&doi=10.1016%2f0305-0548%2895%2900030-5&partnerID=40&md5=76c959c2cd6d63fd16252223a0ebea26}
}

@ARTICLE{Peng2010782,
	author = {Peng, Fei and Tang, Ke and Chen, Guoliang and Yao, Xin},
	title = {Population-based algorithm portfolios for numerical optimization},
	year = {2010},
	doi = {10.1109/TEVC.2010.2040183},
	url = {https://www.scopus.com/inward/record.uri?eid=2-s2.0-77957593400&doi=10.1109%2fTEVC.2010.2040183&partnerID=40&md5=8e692b7d2468312fad1e93312dce7dd2}
}

@ARTICLE{Khan2021,
	author = {Khan, Ameer Tamoor and Cao, Xinwei and Li, Shuai and Hu, Bin and Katsikis, Vasilios N.},
	title = {Quantum beetle antennae search: a novel technique for the constrained portfolio optimization problem},
	year = {2021},
	doi = {10.1007/s11432-020-2894-9},
	url = {https://www.scopus.com/inward/record.uri?eid=2-s2.0-85091135218&doi=10.1007%2fs11432-020-2894-9&partnerID=40&md5=bee84f3248af0c50f840eaf92642db4f}
}

@ARTICLE{Tang2022227,
	author = {Tang, Yehui and Yan, Junchi and Hu, Guoqiang and Zhang, Baohua and Zhou, Jinzan},
	title = {Recent progress and perspectives on quantum computing for finance},
	year = {2022},
	doi = {10.1007/s11761-022-00351-7},
	url = {https://www.scopus.com/inward/record.uri?eid=2-s2.0-85139141198&doi=10.1007%2fs11761-022-00351-7&partnerID=40&md5=21ff48cddba6b09dc581112002859750}
}

@ARTICLE{Saborido201648,
	author = {Saborido, Rubén and Ruiz, Ana B. and Bermúdez, José D. and Vercher, Enriqueta and Luque, Mariano},
	title = {Evolutionary multi-objective optimization algorithms for fuzzy portfolio selection},
	year = {2016},
	doi = {10.1016/j.asoc.2015.11.005},
	url = {https://www.scopus.com/inward/record.uri?eid=2-s2.0-84947996376&doi=10.1016%2fj.asoc.2015.11.005&partnerID=40&md5=0f8c9959ca6c2f24f5d3b87281e2f0c0}
}

@ARTICLE{Oh2005371,
	author = {Oh, Kyong Joo and Kim, Tae Yoon and Min, Sungky},
	title = {Using genetic algorithm to support portfolio optimization for index fund management},
	year = {2005},
	doi = {10.1016/j.eswa.2004.10.014},
	url = {https://www.scopus.com/inward/record.uri?eid=2-s2.0-11244275546&doi=10.1016%2fj.eswa.2004.10.014&partnerID=40&md5=7e07a2524fb40b05efeade5e2ee75f47}
}

@ARTICLE{Chou201721885,
	author = {Chou, Yao-Hsin and Kuo, Shu-Yu and Lo, Yi-Tzu},
	title = {Portfolio Optimization Based on Funds Standardization and Genetic Algorithm},
	year = {2017},
	doi = {10.1109/ACCESS.2017.2756842},
	url = {https://www.scopus.com/inward/record.uri?eid=2-s2.0-85030671849&doi=10.1109%2fACCESS.2017.2756842&partnerID=40&md5=7d74b1b42c636a8ded9563602dff5b16}
}

@ARTICLE{Herman2023,
	author = {Herman, Dylan and Shaydulin, Ruslan and Sun, Yue and Chakrabarti, Shouvanik and Hu, Shaohan and Minssen, Pierre and Rattew, Arthur and Yalovetzky, Romina and Pistoia, Marco},
	title = {Constrained optimization via quantum Zeno dynamics},
	year = {2023},
	doi = {10.1038/s42005-023-01331-9},
	url = {https://www.scopus.com/inward/record.uri?eid=2-s2.0-85168409114&doi=10.1038%2fs42005-023-01331-9&partnerID=40&md5=f494300280254381e56d0ee67aa6720b}
}

@ARTICLE{Zhou201914477,
	author = {Zhou, Zhongbao and Liu, Xianghui and Xiao, Helu and Wu, Shijian and Liu, Yueyue},
	title = {A DEA-based MOEA/D algorithm for portfolio optimization},
	year = {2019},
	doi = {10.1007/s10586-018-2316-7},
	url = {https://www.scopus.com/inward/record.uri?eid=2-s2.0-85043373103&doi=10.1007%2fs10586-018-2316-7&partnerID=40&md5=70211957dd22d5787077a13f6d54278c}
}

@ARTICLE{Kumar2017119,
	author = {Kumar, Divya and Mishra, K.K.},
	title = {Portfolio optimization using novel co-variance guided Artificial Bee Colony algorithm},
	year = {2017},
	doi = {10.1016/j.swevo.2016.11.003},
	url = {https://www.scopus.com/inward/record.uri?eid=2-s2.0-85007210029&doi=10.1016%2fj.swevo.2016.11.003&partnerID=40&md5=d8ec88e06088aef7b2fa8c16baf2a11d}
}

@ARTICLE{Lim2024,
	author = {Lim, Debbie and Rebentrost, Patrick},
	title = {A quantum online portfolio optimization algorithm},
	year = {2024},
	doi = {10.1007/s11128-024-04256-6},
	url = {https://www.scopus.com/inward/record.uri?eid=2-s2.0-85185312317&doi=10.1007%2fs11128-024-04256-6&partnerID=40&md5=a31fa1cf3cc1576af11f473382746b7d}
}

@ARTICLE{He2019559,
	author = {He, Yaodong and Yuen, Shiu Yin and Lou, Yang and Zhang, Xin},
	title = {A sequential algorithm portfolio approach for black box optimization},
	year = {2019},
	doi = {10.1016/j.swevo.2018.07.001},
	url = {https://www.scopus.com/inward/record.uri?eid=2-s2.0-85050972416&doi=10.1016%2fj.swevo.2018.07.001&partnerID=40&md5=c28343ef3ced032dfc0048ca9527822d}
}

@ARTICLE{Maringer2003481,
	author = {Maringer, Dietmar and Kellerer, Hans},
	title = {Optimization of cardinality constrained portfolios with a hybrid local search algorithm},
	year = {2003},
	doi = {10.1007/s00291-003-0139-1},
	url = {https://www.scopus.com/inward/record.uri?eid=2-s2.0-1442359837&doi=10.1007%2fs00291-003-0139-1&partnerID=40&md5=e50edffea24e5ba159cc6e0ff55fcda1}
}

@ARTICLE{Gupta2012297,
	author = {Gupta, Pankaj and Mehlawat, Mukesh Kumar and Mittal, Garima},
	title = {Asset portfolio optimization using support vector machines and real-coded genetic algorithm},
	year = {2012},
	doi = {10.1007/s10898-011-9692-3},
	url = {https://www.scopus.com/inward/record.uri?eid=2-s2.0-84863723081&doi=10.1007%2fs10898-011-9692-3&partnerID=40&md5=83dc1865638b4ca60e5482c85a958f52}
}

@ARTICLE{Anagnostopoulos201114208,
	author = {Anagnostopoulos, K.P. and Mamanis, G.},
	title = {The mean-variance cardinality constrained portfolio optimization problem: An experimental evaluation of five multiobjective evolutionary algorithms},
	year = {2011},
	doi = {10.1016/j.eswa.2011.04.233},
	url = {https://www.scopus.com/inward/record.uri?eid=2-s2.0-79959959912&doi=10.1016%2fj.eswa.2011.04.233&partnerID=40&md5=5d549aab0ce8f36f73cc1dc97f7ce951}
}

@ARTICLE{Glover2022185,
	author = {Glover, Fred and Kochenberger, Gary and Ma, Moses and Du, Yu},
	title = {Quantum Bridge Analytics II: QUBO-Plus, network optimization and combinatorial chaining for asset exchange},
	year = {2022},
	doi = {10.1007/s10479-022-04695-3},
	url = {https://www.scopus.com/inward/record.uri?eid=2-s2.0-85129257955&doi=10.1007%2fs10479-022-04695-3&partnerID=40&md5=4f90f23eb41c7ec04af412fdd32f0cba}
}

@ARTICLE{Ponomareva2015678,
	author = {Ponomareva, K. and Roman, D. and Date, P.},
	title = {An algorithm for moment-matching scenario generation with application to financial portfolio optimisation},
	year = {2015},
	doi = {10.1016/j.ejor.2014.07.049},
	url = {https://www.scopus.com/inward/record.uri?eid=2-s2.0-84923256829&doi=10.1016%2fj.ejor.2014.07.049&partnerID=40&md5=ea0f0d95c2eec2b3b8315d3597307a3f}
}

@ARTICLE{Buonaiuto2023,
	author = {Buonaiuto, Giuseppe and Gargiulo, Francesco and De Pietro, Giuseppe and Esposito, Massimo and Pota, Marco},
	title = {Best practices for portfolio optimization by quantum computing, experimented on real quantum devices},
	year = {2023},
	doi = {10.1038/s41598-023-45392-w},
	url = {https://www.scopus.com/inward/record.uri?eid=2-s2.0-85176110024&doi=10.1038%2fs41598-023-45392-w&partnerID=40&md5=c315d22a119fa2360493aa0d008cda45}
}

@ARTICLE{Cura20092396,
	author = {Cura, Tunchan},
	title = {Particle swarm optimization approach to portfolio optimization},
	year = {2009},
	doi = {10.1016/j.nonrwa.2008.04.023},
	url = {https://www.scopus.com/inward/record.uri?eid=2-s2.0-61749103853&doi=10.1016%2fj.nonrwa.2008.04.023&partnerID=40&md5=13e67b07a3d73dc97307a2992ed5ce50}
}

@ARTICLE{Deb2002182,
	author = {Deb, Kalyanmoy and Pratap, Amrit and Agarwal, Sameer and Meyarivan, T.},
	title = {A fast and elitist multiobjective genetic algorithm: NSGA-II},
	year = {2002},
	doi = {10.1109/4235.996017},
	url = {https://www.scopus.com/inward/record.uri?eid=2-s2.0-0036530772&doi=10.1109%2f4235.996017&partnerID=40&md5=76831106ec37df04361f38a96f7c2508}
}

@ARTICLE{Mugel2021,
	author = {Mugel, Samuel and Abad, Mario and Bermejo, Miguel and Sánchez, Javier and Lizaso, Enrique and Orús, Román},
	title = {Hybrid quantum investment optimization with minimal holding period},
	year = {2021},
	doi = {10.1038/s41598-021-98297-x},
	url = {https://www.scopus.com/inward/record.uri?eid=2-s2.0-85116336223&doi=10.1038%2fs41598-021-98297-x&partnerID=40&md5=81698aec7c7dcfb209a68e1955289f7d}
}

@ARTICLE{Akbay2020,
	author = {Akbay, Mehmet Anil and Kalayci, Can B. and Polat, Olcay},
	title = {A parallel variable neighborhood search algorithm with quadratic programming for cardinality constrained portfolio optimization},
	year = {2020},
	doi = {10.1016/j.knosys.2020.105944},
	url = {https://www.scopus.com/inward/record.uri?eid=2-s2.0-85083714911&doi=10.1016%2fj.knosys.2020.105944&partnerID=40&md5=44a61222f92d5495dde07cd827ca2b07}
}

@ARTICLE{Chang200910529,
	author = {Chang, Tun-Jen and Yang, Sang-Chin and Chang, Kuang-Jung},
	title = {Portfolio optimization problems in different risk measures using genetic algorithm},
	year = {2009},
	doi = {10.1016/j.eswa.2009.02.062},
	url = {https://www.scopus.com/inward/record.uri?eid=2-s2.0-67349119462&doi=10.1016%2fj.eswa.2009.02.062&partnerID=40&md5=f8427ead68c77f20e3f44ca6f388d8b8}
}

@ARTICLE{Branke2009684,
	author = {Branke, J. and Scheckenbach, B. and Stein, M. and Deb, K. and Schmeck, H.},
	title = {Portfolio optimization with an envelope-based multi-objective evolutionary algorithm},
	year = {2009},
	doi = {10.1016/j.ejor.2008.01.054},
	url = {https://www.scopus.com/inward/record.uri?eid=2-s2.0-67349239816&doi=10.1016%2fj.ejor.2008.01.054&partnerID=40&md5=47552ee76619a020575af1e31c5e6352}
}

@ARTICLE{Best2007563,
	author = {Best, M.J. and Hlouskova, J.},
	title = {An algorithm for portfolio optimization with variable transaction costs, part 1: Theory},
	year = {2007},
	doi = {10.1007/s10957-007-9252-7},
	url = {https://www.scopus.com/inward/record.uri?eid=2-s2.0-36148952936&doi=10.1007%2fs10957-007-9252-7&partnerID=40&md5=2c01c3ecbd9b529c61a818db7d352d3b}
}

@ARTICLE{Bacanin2014,
	author = {Bacanin, Nebojsa and Tuba, Milan},
	title = {Firefly algorithm for cardinality constrained mean-variance portfolio optimization problem with entropy diversity constraint},
	year = {2014},
	doi = {10.1155/2014/721521},
	url = {https://www.scopus.com/inward/record.uri?eid=2-s2.0-84902214598&doi=10.1155%2f2014%2f721521&partnerID=40&md5=49837625aea4d4d07105dd16732d0d69}
}

@ARTICLE{Dhaini2021,
	author = {Dhaini, Mahdi and Mansour, Nashat},
	title = {Squirrel search algorithm for portfolio optimization},
	year = {2021},
	doi = {10.1016/j.eswa.2021.114968},
	url = {https://www.scopus.com/inward/record.uri?eid=2-s2.0-85105099567&doi=10.1016%2fj.eswa.2021.114968&partnerID=40&md5=e00713ece758e774c6f6974bc3da9638}
}

@ARTICLE{Glover2020387,
	author = {Glover, Fred and Kochenberger, Gary and Ma, Moses and Du, Yu},
	title = {Quantum Bridge Analytics II: QUBO-Plus, network optimization and combinatorial chaining for asset exchange},
	year = {2020},
	doi = {10.1007/s10288-020-00464-9},
	url = {https://www.scopus.com/inward/record.uri?eid=2-s2.0-85097225955&doi=10.1007%2fs10288-020-00464-9&partnerID=40&md5=56c71cfd5b8b284944cabbad717f9143}
}

@ARTICLE{Anagnostopoulos2011259,
	author = {Anagnostopoulos, Konstantinos P. and Mamanis, Georgios},
	title = {Multiobjective evolutionary algorithms for complex portfolio optimization problems},
	year = {2011},
	doi = {10.1007/s10287-009-0113-8},
	url = {https://www.scopus.com/inward/record.uri?eid=2-s2.0-79959581550&doi=10.1007%2fs10287-009-0113-8&partnerID=40&md5=80ae76e095c79fe3e97fa0dec9228dc1}
}

@ARTICLE{Bäuerle2009591,
	author = {Bäuerle, Nicole and Rieder, Ulrich},
	title = {MDP algorithms for portfolio optimization problems in pure jump markets},
	year = {2009},
	doi = {10.1007/s00780-009-0093-0},
	url = {https://www.scopus.com/inward/record.uri?eid=2-s2.0-70350645480&doi=10.1007%2fs00780-009-0093-0&partnerID=40&md5=07f829fc75917cb69ba4325bae8366d4}
}

@ARTICLE{Kalayci201761,
	author = {Kalayci, Can B. and Ertenlice, Okkes and Akyer, Hasan and Aygoren, Hakan},
	title = {An artificial bee colony algorithm with feasibility enforcement and infeasibility toleration procedures for cardinality constrained portfolio optimization},
	year = {2017},
	doi = {10.1016/j.eswa.2017.05.018},
	url = {https://www.scopus.com/inward/record.uri?eid=2-s2.0-85019583626&doi=10.1016%2fj.eswa.2017.05.018&partnerID=40&md5=f9fd9b35ba4d328b5cc56d2c29777b5b}
}

@ARTICLE{Best2007531,
	author = {Best, M.J. and Hlouskova, J.},
	title = {An algorithm for portfolio optimization with variable transaction costs, part 2: Computational analysis},
	year = {2007},
	doi = {10.1007/s10957-007-9249-2},
	url = {https://www.scopus.com/inward/record.uri?eid=2-s2.0-36148981858&doi=10.1007%2fs10957-007-9249-2&partnerID=40&md5=df688d6ac115fe08cccb9046c6742050}
}

@ARTICLE{Chang20001271,
	author = {Chang, T.-J. and Meade, N. and Beasley, J.E. and Sharaiha, Y.M.},
	title = {Heuristics for cardinality constrained portfolio optimisation},
	year = {2000},
	doi = {10.1016/S0305-0548(99)00074-X},
	url = {https://www.scopus.com/inward/record.uri?eid=2-s2.0-0034333695&doi=10.1016%2fS0305-0548%2899%2900074-X&partnerID=40&md5=b514ee09c55f63cf76b517c6796f3485}
}

@ARTICLE{Fernández-Lorenzo2021,
	author = {Fernández-Lorenzo, Samuel and Porras, Diego and García-Ripoll, Juan José},
	title = {Hybrid quantum-classical optimization with cardinality constraints and applications to finance},
	year = {2021},
	doi = {10.1088/2058-9565/abf9af},
	url = {https://www.scopus.com/inward/record.uri?eid=2-s2.0-85109322794&doi=10.1088%2f2058-9565%2fabf9af&partnerID=40&md5=d962bdfa26568d6ff14e441dfaac3cbb}
}

@ARTICLE{Macedo201733,
	author = {Macedo, Luís Lobato and Godinho, Pedro and Alves, Maria João},
	title = {Mean-semivariance portfolio optimization with multiobjective evolutionary algorithms and technical analysis rules},
	year = {2017},
	doi = {10.1016/j.eswa.2017.02.033},
	url = {https://www.scopus.com/inward/record.uri?eid=2-s2.0-85014053373&doi=10.1016%2fj.eswa.2017.02.033&partnerID=40&md5=d43cf4c3264f9b10df4332e29064b1fc}
}